<record><leader>00000cas a22000007a 4500</leader><controlfield tag="001">18928542</controlfield><controlfield tag="008">881220c19889999waucr ne      0   a0eng d</controlfield><datafield ind1=" " ind2=" " tag="010"><subfield code="a">sn 88087241 </subfield><subfield code="z">sn 90005409 </subfield></datafield><datafield ind1=" " ind2=" " tag="040"><subfield code="a">SLZ</subfield><subfield code="b">eng</subfield><subfield code="c">SLZ</subfield><subfield code="d">NSD</subfield><subfield code="d">WAU</subfield><subfield code="d">DLC</subfield><subfield code="d">OCLCQ</subfield><subfield code="d">OCLCF</subfield><subfield code="d">OCLCO</subfield></datafield><datafield ind1=" " ind2=" " tag="012"><subfield code="j">0</subfield><subfield code="k">1</subfield><subfield code="m">1</subfield></datafield><datafield ind1=" " ind2=" " tag="019"><subfield code="a">22503145</subfield></datafield><datafield ind1="1" ind2=" " tag="022"><subfield code="a">1053-2889</subfield><subfield code="l">1053-2889</subfield><subfield code="y">0745-7391</subfield><subfield code="2">1</subfield></datafield><datafield ind1="1" ind2=" " tag="029"><subfield code="a">AU@</subfield><subfield code="b">000020607564</subfield></datafield><datafield ind1=" " ind2=" " tag="032"><subfield code="a">040240</subfield><subfield code="b">USPS</subfield></datafield><datafield ind1=" " ind2=" " tag="042"><subfield code="a">nsdp</subfield><subfield code="a">msc</subfield></datafield><datafield ind1=" " ind2=" " tag="043"><subfield code="a">n-us-wa</subfield></datafield><datafield ind1=" " ind2="0" tag="222"><subfield code="a">Bainbridge Island review</subfield></datafield><datafield ind1="0" ind2="0" tag="245"><subfield code="a">Bainbridge Island review.</subfield></datafield><datafield ind1="3" ind2="0" tag="246"><subfield code="a">Review</subfield></datafield><datafield ind1="1" ind2="7" tag="246"><subfield code="a">Bainbridge review</subfield></datafield><datafield ind1=" " ind2=" " tag="260"><subfield code="a">Winslow, Wash. :</subfield><subfield code="b">Lorri Penner,</subfield><subfield code="c">1988-</subfield></datafield><datafield ind1=" " ind2=" " tag="300"><subfield code="a">v.</subfield></datafield><datafield ind1=" " ind2=" " tag="310"><subfield code="a">Semiweekly,</subfield><subfield code="b">Apr. 1995-</subfield></datafield><datafield ind1=" " ind2=" " tag="321"><subfield code="a">Weekly,</subfield><subfield code="b">1988-Mar. 1995</subfield></datafield><datafield ind1="0" ind2=" " tag="362"><subfield code="a">Vol. 88, no. 44 (Nov. 2, 1988)-</subfield></datafield><datafield ind1=" " ind2=" " tag="500"><subfield code="a">Publisher varies: Kitsap Newspaper Group, &lt;Sept. 12, 1990-&gt;; Sound Pub., &lt;May 17, 1995-&gt;</subfield></datafield><datafield ind1=" " ind2="0" tag="651"><subfield code="a">Bainbridge Island (Wash.)</subfield><subfield code="v">Newspapers.</subfield></datafield><datafield ind1=" " ind2="7" tag="655"><subfield code="a">Newspapers.</subfield><subfield code="2">fast</subfield><subfield code="0">(OCoLC)fst01423814</subfield></datafield><datafield ind1=" " ind2="7" tag="651"><subfield code="a">Washington (State)</subfield><subfield code="z">Bainbridge Island.</subfield><subfield code="2">fast</subfield><subfield code="0">(OCoLC)fst01278613</subfield></datafield><datafield ind1=" " ind2=" " tag="752"><subfield code="a">United States</subfield><subfield code="b">Washington</subfield><subfield code="c">Kitsap</subfield><subfield code="d">Bainbridge Island.</subfield></datafield><datafield ind1=" " ind2=" " tag="752"><subfield code="a">United States</subfield><subfield code="b">Washington</subfield><subfield code="c">Kitsap</subfield><subfield code="d">Winslow.</subfield></datafield><datafield ind1="0" ind2="0" tag="780"><subfield code="t">Bainbridge review</subfield><subfield code="x">0745-7391</subfield><subfield code="w">(DLC)sn 83007468</subfield></datafield><datafield ind1=" " ind2=" " tag="936"><subfield code="a">Vol. 96, no. 27 (May 17, 1995) LIC</subfield></datafield></record>